<record><leader>00000cas a2200000 a 4500</leader><controlfield tag="001">10379825</controlfield><controlfield tag="007">hd afv---baca</controlfield><controlfield tag="008">840206d18431846ohuwr nea     0    0eng d</controlfield><datafield ind1=" " ind2=" " tag="010"><subfield code="a">sf 89091879 </subfield></datafield><datafield ind1=" " ind2=" " tag="040"><subfield code="a">PES</subfield><subfield code="b">eng</subfield><subfield code="c">PES</subfield><subfield code="d">DLC</subfield><subfield code="d">FUG</subfield><subfield code="d">OCL</subfield><subfield code="d">OCLCQ</subfield><subfield code="d">CRU</subfield><subfield code="d">DLC</subfield><subfield code="d">OCLCF</subfield><subfield code="d">OCLCO</subfield></datafield><datafield ind1="1" ind2=" " tag="029"><subfield code="a">AU@</subfield><subfield code="b">000020128795</subfield></datafield><datafield ind1=" " ind2=" " tag="042"><subfield code="a">msc</subfield></datafield><datafield ind1="0" ind2="0" tag="050"><subfield code="a">Microfilm 01104 no. 1411-1412 AP</subfield></datafield><datafield ind1="1" ind2="4" tag="050"><subfield code="a">AP2 A1 APSII (REEL 1409-1412)</subfield></datafield><datafield ind1=" " ind2=" " tag="092"><subfield code="a">051</subfield><subfield code="b">A51p2</subfield></datafield><datafield ind1="0" ind2="0" tag="245"><subfield code="a">Cincinnati weekly herald and philanthropist</subfield><subfield code="h">[microform].</subfield></datafield><datafield ind1="1" ind2="7" tag="246"><subfield code="a">Weekly herald and philanthropist</subfield></datafield><datafield ind1=" " ind2=" " tag="260"><subfield code="a">Cincinnati, Ohio :</subfield><subfield code="b">Gamaliel Bailey, Jr.,</subfield><subfield code="c">1843-1846.</subfield></datafield><datafield ind1=" " ind2=" " tag="300"><subfield code="a">3 v. :</subfield><subfield code="b">ill. (chiefly advertisements) ;</subfield><subfield code="c">58 cm.</subfield></datafield><datafield ind1=" " ind2=" " tag="310"><subfield code="a">Weekly</subfield></datafield><datafield ind1="0" ind2=" " tag="362"><subfield code="a">Vol. 8, no. 5 (Oct. 18, 1843)-v. 11, no. 12 (Dec. 9, 1846).</subfield></datafield><datafield ind1=" " ind2=" " tag="500"><subfield code="a">"Abolitionist." Cf. Gutgesell, S. Guide to Ohio newspapers, 1974.</subfield></datafield><datafield ind1=" " ind2=" " tag="500"><subfield code="a">Title from caption.</subfield></datafield><datafield ind1=" " ind2=" " tag="515"><subfield code="a">Continues the numbering of the Philanthropist.</subfield></datafield><datafield ind1=" " ind2=" " tag="580"><subfield code="a">In the Dec. 9, 1846 issue, G. Bailey announces that he is moving to Washington D.C., where the Herald and Philanthropist would be continued as the National era; Bailey became the junior editor of the Era. Messrs. Sperry and Brewster had bought Bailey's daily paper, the Morning herald, and with it received permission to begin a new paper, the Cincinnati weekly herald.</subfield></datafield><datafield ind1=" " ind2=" " tag="533"><subfield code="a">Microfilm.</subfield><subfield code="b">Ann Arbor, Mich. :</subfield><subfield code="c">Xerox University Microfilms,</subfield><subfield code="d">1974.</subfield><subfield code="e">2 microfilm reels ; 35 mm.</subfield><subfield code="f">(American periodical series, 1800-1850 ; 1411-1412).</subfield></datafield><datafield ind1=" " ind2="0" tag="651"><subfield code="a">Cincinnati (Ohio)</subfield><subfield code="v">Newspapers.</subfield></datafield><datafield ind1=" " ind2="0" tag="651"><subfield code="a">Hamilton County (Ohio)</subfield><subfield code="v">Newspapers.</subfield></datafield><datafield ind1=" " ind2="7" tag="655"><subfield code="a">Newspapers.</subfield><subfield code="2">fast</subfield><subfield code="0">(OCoLC)fst01423814</subfield></datafield><datafield ind1=" " ind2="7" tag="651"><subfield code="a">Ohio</subfield><subfield code="z">Cincinnati.</subfield><subfield code="2">fast</subfield><subfield code="0">(OCoLC)fst01205142</subfield></datafield><datafield ind1=" " ind2="7" tag="651"><subfield code="a">Ohio</subfield><subfield code="z">Hamilton County.</subfield><subfield code="2">fast</subfield><subfield code="0">(OCoLC)fst01205597</subfield></datafield><datafield ind1=" " ind2=" " tag="752"><subfield code="a">United States</subfield><subfield code="b">Ohio</subfield><subfield code="c">Hamilton</subfield><subfield code="d">Cincinnati.</subfield></datafield><datafield ind1="1" ind2=" " tag="776"><subfield code="c">Original</subfield><subfield code="t">Cincinnati weekly herald and philanthropist</subfield><subfield code="x">2158-3358</subfield><subfield code="w">(DLC)sn 83035432</subfield><subfield code="w">(OCoLC)9855140</subfield></datafield><datafield ind1="0" ind2="0" tag="780"><subfield code="t">Philanthropist (New Richmond, Ohio : 1836)</subfield><subfield code="w">(DLC)sf 89091878</subfield><subfield code="w">(OCoLC)10379685</subfield></datafield><datafield ind1="1" ind2=" " tag="787"><subfield code="t">Cincinnati weekly herald</subfield></datafield><datafield ind1="1" ind2=" " tag="787"><subfield code="t">National era</subfield><subfield code="w">(DLC)sf 87093062</subfield><subfield code="w">(OCoLC)1643483</subfield></datafield><datafield ind1=" " ind2="0" tag="830"><subfield code="a">American periodical series, 1800-1850 ;</subfield><subfield code="v">1411-1412.</subfield></datafield></record>